<?xml version="1.0" encoding="UTF-8"?><collection xmlns="http://www.loc.gov/MARC21/slim"><record><leader>00364nam--2200133-i-4500</leader><controlfield tag="001">000029108</controlfield><controlfield tag="002">20161230</controlfield><controlfield tag="005">20161230201037</controlfield><controlfield tag="008">060222s1000------------r-----000-0-eng-d</controlfield><datafield ind1=" " ind2=" " tag="080"><subfield code="a">801.3=20=590</subfield></datafield><datafield ind1=" " ind2=" " tag="100"><subfield code="a">Levitchi, Leon., Bantas, Andrei</subfield></datafield><datafield ind1=" " ind2=" " tag="245"><subfield code="a">English-romanian dictionary</subfield></datafield><datafield ind1=" " ind2=" " tag="260"><subfield code="a">Bucuresti, Ed.Stiintifica Si Enciclopedica, 1984, 1315p</subfield></datafield><datafield ind1=" " ind2=" " tag="852"><subfield code="a">D.649</subfield></datafield></record></collection>